% Bibliografia del Sistema de Registro Forestal
% Este archivo contiene las referencias bibliogr√°ficas del proyecto

@book{pressman2014software,
  title={Software Engineering: A Practitioner's Approach},
  author={Pressman, Roger S and Maxim, Bruce R},
  year={2014},
  publisher={McGraw-Hill Education},
  edition={8th},
  isbn={978-0078022128}
}

@book{sommerville2015software,
  title={Software Engineering},
  author={Sommerville, Ian},
  year={2015},
  publisher={Pearson},
  edition={10th},
  isbn={978-0134052892}
}

@standard{ieee830,
  title={IEEE Recommended Practice for Software Requirements Specifications},
  organization={IEEE Computer Society},
  number={IEEE Std 830-1998},
  year={1998},
  note={Revision of IEEE Std 830-1993}
}

@book{martin2017clean,
  title={Clean Architecture: A Craftsman's Guide to Software Structure and Design},
  author={Martin, Robert C},
  year={2017},
  publisher={Prentice Hall},
  isbn={978-0134494166}
}

@book{fowler2002patterns,
  title={Patterns of Enterprise Application Architecture},
  author={Fowler, Martin},
  year={2002},
  publisher={Addison-Wesley Professional},
  isbn={978-0321127426}
}
